@misc{ECDF,
    author = {University of Edinburgh},
    title = {Edinburgh Compute and Data Facility},
    url = {http://www.ecdf.ed.ac.uk/},
    lastchecked = {15.04.2025}
}
