@article{Berendsen1995Gromacs,
    title = {{GROMACS: A message-passing parallel molecular dynamics implementation}},
    year = {1995},
    journal = {Computer Physics Communications},
    author = {Berendsen, H.J.C. and van der Spoel, D and van Drunen, R},
    number = {1-3},
    month = {9},
    pages = {43--56},
    volume = {91},
    doi = {10.1016/0010-4655(95)00042-E},
    issn = {00104655},
    keywords = {Molecular dynamics, Parallel computing}
}

@article{Cygan2004,
    title = {{Molecular models of hydroxide, oxyhydroxide, and clay phases and the development of a general force field}},
    year = {2004},
    journal = {Journal of Physical Chemistry B},
    author = {Cygan, Randall T. and Liang, Jian Jie and Kalinichev, Andrey G.},
    number = {4},
    month = {1},
    pages = {1255--1266},
    volume = {108},
    publisher = {American Chemical Society},
    doi = {10.1021/JP0363287},
    issn = {15206106}
}

@article{lemak1994berendsen,
  title={On the Berendsen thermostat},
  author={Lemak, AS and Balabaev, NK},
  journal={Molecular Simulation},
  volume={13},
  number={3},
  pages={177--187},
  year={1994},
  publisher={Taylor \& Francis}
}